<?xml version="1.0" encoding="UTF-8" ?>
<collection xmlns:xsi="http://www.w3.org/2001/XMLSchema-instance" xsi:schemaLocation="http://www.loc.gov/MARC21/slim http://www.loc.gov/standards/marcxml/schema/MARC21slim.xsd" xmlns="http://www.loc.gov/MARC21/slim">
   <record>
      <leader>     cam a22      a 4500</leader>
      <controlfield tag="001">1682090</controlfield>
      <controlfield tag="003">NIC</controlfield>
      <controlfield tag="005">20131119174941.0</controlfield>
      <controlfield tag="008">900514s1952    ua            000 0 ara d</controlfield>
      <datafield tag="035" ind1=" " ind2=" ">
         <subfield code="a">(NIC)notisAHX0232</subfield>
      </datafield>
      <datafield tag="035" ind1=" " ind2=" ">
         <subfield code="a">(OCoLC)63979530</subfield>
      </datafield>
      <datafield tag="035" ind1=" " ind2=" ">
         <subfield code="a">1682090</subfield>
      </datafield>
      <datafield tag="040" ind1=" " ind2=" ">
         <subfield code="a">NIC</subfield>
         <subfield code="c">NIC</subfield>
         <subfield code="d">NIC</subfield>
      </datafield>
      <datafield tag="041" ind1="1" ind2=" ">
         <subfield code="a">ara</subfield>
         <subfield code="h">fre</subfield>
      </datafield>
      <datafield tag="043" ind1=" " ind2=" ">
         <subfield code="a">e-fr---</subfield>
      </datafield>
      <datafield tag="100" ind1="1" ind2=" ">
         <subfield code="a">France, Anatole,</subfield>
         <subfield code="d">1844-1924.</subfield>
      </datafield>
      <datafield tag="240" ind1="1" ind2="0">
         <subfield code="a">Dieux ont soif.</subfield>
         <subfield code="l">Arabic</subfield>
      </datafield>
      <datafield tag="245" ind1="1" ind2="3">
         <subfield code="a">al-Ālihah ʻiṭāsh /</subfield>
         <subfield code="c">Anāṭūl Frāns ; tarjamat ʻĀdil Zuʻaytar.</subfield>
      </datafield>
      <datafield tag="260" ind1=" " ind2=" ">
         <subfield code="a">al-Qāhirah :</subfield>
         <subfield code="b">Maktabat al-Nahḍah al-Miṣrīyah,</subfield>
         <subfield code="c">1952.</subfield>
      </datafield>
      <datafield tag="300" ind1=" " ind2=" ">
         <subfield code="a">272 p. ;</subfield>
         <subfield code="c">25 cm.</subfield>
      </datafield>
      <datafield tag="500" ind1=" " ind2=" ">
         <subfield code="a">Translation of: Les dieux ont soif.</subfield>
      </datafield>
      <datafield tag="651" ind1=" " ind2="0">
         <subfield code="a">France</subfield>
         <subfield code="x">History</subfield>
         <subfield code="y">Revolution, 1789-1799</subfield>
         <subfield code="v">Fiction.</subfield>
      </datafield>
      <datafield tag="700" ind1="1" ind2=" ">
         <subfield code="a">Zuʻaytar, ʻĀdil.</subfield>
      </datafield>
      <datafield tag="903" ind1=" " ind2=" ">
         <subfield code="a">NYUACO</subfield>
         <subfield code="d">20131119</subfield>
         <subfield code="p">31924063149854</subfield>
      </datafield>
      <datafield tag="905" ind1=" " ind2=" ">
         <subfield code="a">19990401120000.0</subfield>
      </datafield>
      <datafield tag="948" ind1="2" ind2=" ">
         <subfield code="a">20100326</subfield>
         <subfield code="b">m</subfield>
         <subfield code="d">batch</subfield>
         <subfield code="e">lts</subfield>
         <subfield code="x">del9XXtxt</subfield>
      </datafield>
      <datafield tag="995" ind1=" " ind2=" ">
         <subfield code="a">Hivolm</subfield>
         <subfield code="d">20100326</subfield>
      </datafield>
      <datafield tag="903" ind1=" " ind2=" ">
         <subfield code="a">NYUACO</subfield>
         <subfield code="d">20140402</subfield>
         <subfield code="p">31924063149854</subfield>
      </datafield>
      <datafield tag="950" ind1=" " ind2=" ">
         <subfield code="a">PQ2254</subfield>
         <subfield code="b">D5 1952</subfield>
         <subfield code="v"> </subfield>
      </datafield>
   </record>
</collection>
